@inbook{ablowitz2013,
  place={Cambridge},
  edition={2},
  series={Cambridge Texts in Applied Mathematics},
  title={Sequences, Series, and Singularities of Complex Functions: Computational Methods},
  DOI={10.1017/CBO9780511791246.005},
  booktitle={Complex Variables: Introduction and Applications},
  publisher={Cambridge University Press},
  author={Ablowitz, Mark J. and Fokas, Athanassios S.},
  year={2003},
  pages={196â€“204},
  collection={Cambridge Texts in Applied Mathematics}}

@article{corliss1982,
  title={Solving Ordinary Differential Equations Using Taylor Series},
  author={George F. Corliss and Yufei Chang},
  journal={ACM Trans. Math. Softw.},
  year={1982},
  volume={8},
  pages={114-144}
}

@book{liska1999,
  title={Computer algebra, algorithms, systems and applications},
  author={Liska, Richard and Drska, Ladislav and Limpouch, Jiri and Sinor, Milan and Wester, Michael and Winkler, Franz},
  year={1999},
  publisher={Feb}
}
